<record><leader>00000cas a22000007a 4500</leader><controlfield tag="001">11031915</controlfield><controlfield tag="008">840808d1868187uinuwr ne      0    0eng d</controlfield><datafield ind1=" " ind2=" " tag="010"><subfield code="a">sn 84027340 </subfield></datafield><datafield ind1=" " ind2=" " tag="040"><subfield code="a">NPU</subfield><subfield code="b">eng</subfield><subfield code="c">NPU</subfield><subfield code="d">NPI</subfield><subfield code="d">MGN</subfield><subfield code="d">OCLCQ</subfield></datafield><datafield ind1=" " ind2=" " tag="042"><subfield code="a">msc</subfield></datafield><datafield ind1="0" ind2=" " tag="130"><subfield code="a">Watchman (Edinburgh, Ind.)</subfield></datafield><datafield ind1="1" ind2="4" tag="245"><subfield code="a">The Watchman.</subfield></datafield><datafield ind1=" " ind2=" " tag="260"><subfield code="a">Edinburg [Edinburgh], Ind. :</subfield><subfield code="b">W.H. Ongley</subfield></datafield><datafield ind1=" " ind2=" " tag="300"><subfield code="a">v. :</subfield><subfield code="b">ill. (chiefly advertisements) ;</subfield><subfield code="c">64 cm.</subfield></datafield><datafield ind1=" " ind2=" " tag="310"><subfield code="a">Weekly</subfield></datafield><datafield ind1="1" ind2=" " tag="362"><subfield code="a">Began in 1868. Cf. Miller, J.W. Ind. newspaper bibl.</subfield></datafield><datafield ind1=" " ind2=" " tag="500"><subfield code="a">"Family newspaper, devoted to literature, agriculture, foreign and domestic news, and general intelligence."</subfield></datafield><datafield ind1=" " ind2=" " tag="588"><subfield code="a">Description based on: Vol. 2, no. 51 (Mar. 31, 1870).</subfield></datafield><datafield ind1=" " ind2=" " tag="752"><subfield code="a">United States</subfield><subfield code="b">Indiana</subfield><subfield code="c">Johnson</subfield><subfield code="d">Edinburgh.</subfield></datafield><datafield ind1="0" ind2="0" tag="785"><subfield code="t">Edinburg watchman</subfield><subfield code="w">(DLC)sn 95068656</subfield></datafield></record>